<record><leader>00000cas a2200000 a 4500</leader><controlfield tag="001">29700122</controlfield><controlfield tag="008">940128c19599999pr dr ne      0    0spa c</controlfield><datafield ind1=" " ind2=" " tag="010"><subfield code="a">sn 94053012 </subfield><subfield code="z">   94053012 </subfield></datafield><datafield ind1=" " ind2=" " tag="040"><subfield code="a">CNW</subfield><subfield code="b">eng</subfield><subfield code="c">CNW</subfield><subfield code="d">DLC</subfield><subfield code="d">CVF</subfield><subfield code="d">NVF</subfield><subfield code="d">HLS</subfield><subfield code="d">OCLCQ</subfield><subfield code="d">OCLCF</subfield><subfield code="d">OCLCO</subfield><subfield code="d">OCL</subfield></datafield><datafield ind1=" " ind2=" " tag="022"><subfield code="a">0279-313X</subfield><subfield code="l">0279-313X</subfield></datafield><datafield ind1=" " ind2=" " tag="042"><subfield code="a">pcc</subfield></datafield><datafield ind1=" " ind2=" " tag="043"><subfield code="a">nwpr---</subfield></datafield><datafield ind1="0" ind2=" " tag="130"><subfield code="a">Claridad (San Juan, P.R.)</subfield></datafield><datafield ind1="1" ind2="0" tag="245"><subfield code="a">Claridad.</subfield></datafield><datafield ind1=" " ind2=" " tag="260"><subfield code="a">San Juan, P.R. :</subfield><subfield code="b">[s.n.]</subfield></datafield><datafield ind1=" " ind2=" " tag="300"><subfield code="a">v.</subfield></datafield><datafield ind1=" " ind2=" " tag="310"><subfield code="a">Weekly</subfield></datafield><datafield ind1=" " ind2=" " tag="321"><subfield code="a">Semiweekly,</subfield><subfield code="b">&lt;1971-Nov. 3, 1974&gt;</subfield></datafield><datafield ind1=" " ind2=" " tag="321"><subfield code="a">Daily,</subfield><subfield code="b">1975-</subfield></datafield><datafield ind1="1" ind2=" " tag="362"><subfield code="a">Began in 1959.</subfield></datafield><datafield ind1=" " ind2=" " tag="500"><subfield code="a">Director: Rau&#769;l Gonza&#769;lez Cruz, &lt;3 sept. 1972-&gt;.</subfield></datafield><datafield ind1=" " ind2=" " tag="500"><subfield code="a">"El periodico do la independencia."</subfield></datafield><datafield ind1=" " ind2=" " tag="546"><subfield code="a">Text in Spanish.</subfield></datafield><datafield ind1=" " ind2=" " tag="550"><subfield code="a">Issued by: Movimiento Pro Independencia de Puerto Rico, 1969-1970; Partido Socialista Puertorriquen&#771;o, 1971-</subfield></datafield><datafield ind1=" " ind2=" " tag="580"><subfield code="a">Weekly ed.: Claridad (New York, N.Y.), 1972-</subfield></datafield><datafield ind1=" " ind2=" " tag="588"><subfield code="a">Description based on: Ano 14, no. 4012 (3 sept. 1972).</subfield></datafield><datafield ind1=" " ind2=" " tag="588"><subfield code="a">Latest issue consulted: An&#771;o 40, no. 2622 (23/29 mayo 2003).</subfield></datafield><datafield ind1=" " ind2="0" tag="651"><subfield code="a">San Juan (P.R.)</subfield><subfield code="v">Newspapers.</subfield></datafield><datafield ind1=" " ind2="0" tag="651"><subfield code="a">Puerto Rico</subfield><subfield code="x">Politics and government</subfield><subfield code="v">Periodicals.</subfield></datafield><datafield ind1=" " ind2="7" tag="650"><subfield code="a">Politics and government</subfield><subfield code="2">fast</subfield><subfield code="0">(OCoLC)fst01919741</subfield></datafield><datafield ind1=" " ind2="7" tag="651"><subfield code="a">Puerto Rico.</subfield><subfield code="2">fast</subfield><subfield code="0">(OCoLC)fst01205432</subfield></datafield><datafield ind1=" " ind2="7" tag="651"><subfield code="a">Puerto Rico</subfield><subfield code="z">San Juan.</subfield><subfield code="2">fast</subfield><subfield code="0">(OCoLC)fst01214595</subfield></datafield><datafield ind1=" " ind2="7" tag="655"><subfield code="a">Newspapers.</subfield><subfield code="2">fast</subfield><subfield code="0">(OCoLC)fst01423814</subfield></datafield><datafield ind1=" " ind2="7" tag="655"><subfield code="a">Periodicals.</subfield><subfield code="2">fast</subfield><subfield code="0">(OCoLC)fst01411641</subfield></datafield><datafield ind1="2" ind2=" " tag="710"><subfield code="a">Movimiento Pro Independencia de Puerto Rico.</subfield></datafield><datafield ind1="2" ind2=" " tag="710"><subfield code="a">Partido Socialista Puertorriquen&#771;o.</subfield></datafield><datafield ind1=" " ind2=" " tag="752"><subfield code="a">United States</subfield><subfield code="b">Puerto Rico</subfield><subfield code="d">San Juan.</subfield></datafield><datafield ind1="1" ind2=" " tag="775"><subfield code="t">Claridad (New York, N.Y.)</subfield><subfield code="w">(DLC)sn 86090796</subfield><subfield code="w">(OCoLC)15127053</subfield></datafield><datafield ind1="0" ind2="8" tag="776"><subfield code="i">Also issued in microfilm produced by Biblioteca General, Laboratorio Fotografice, Universidad de Puerto Rico:</subfield><subfield code="t">Claridad</subfield><subfield code="w">(DLC)  2004204955</subfield><subfield code="w">(OCoLC)4097857</subfield></datafield><datafield ind1="0" ind2="8" tag="776"><subfield code="i">Also issued in microfilm produced by State Historical Society of Wisconsin:</subfield><subfield code="t">Claridad (San Juan, P.R.)</subfield><subfield code="w">(OCoLC)6451755</subfield></datafield><datafield ind1="1" ind2=" " tag="029"><subfield code="a">AU@</subfield><subfield code="b">000012446165</subfield></datafield></record>